% ------------------------------------------------------------------------
% BIBLIOGRAFIA
% ------------------------------------------------------------------------



@online{www1,
  TITLE =        {Strona internetowa firmy IBM, konfiguracja NIS w systemie AIX},
  URL =    		 {https://www.ibm.com/docs/en/aix/7.3?topic=configuration-preparing-host-nis},
  URLDATE =		 {2025-05-01}
}

@online{www2,
  TITLE =        {Strona internetowa firmy server-world.info, konfiguracja NIS w systemie Linux},
  URL =    		 {https://www.server-world.info/en/note?os=Ubuntu_22.04&p=nis&f=1},
  URLDATE =		 {2025-05-01}
}

@online{securenetes:Redhat,
  TITLE =        {Red Hat Enterprise Linux 6 Security Guide, jak zabezpieczyć NIS},
  URL =    		 {https://docs.redhat.com/en/documentation/red_hat_enterprise_linux/6/html/security_guide/sect-security_guide-securing_nis-edit_the_varypsecurenets_file#sect-Security_Guide-Securing_NIS-Edit_the_varypsecurenets_File/},
  URLDATE =		 {2025-05-01}
}

@online{linuxquestions,
  TITLE =        {Forum LinuxQuestions.org},
  URL =    		 {https://www.linuxquestions.org/questions/linux-networking-3/nis-client-problem-469545/},
  URLDATE =		 {2025-05-01}
}

@online{drawio,
  TITLE =        {Drawio - Diagramy},
  URL =    		 {https://app.diagrams.net/},
  URLDATE =		 {2025-05-01}
}

@online{ Ubuntu,
  TITLE ={Strona internetowa Ubuntu, pobieranie plików ISO},
  URL = {https://ubuntu.com/download/server},
  URLDATE = {2025-05-01}
  }

@online{VirtualBox,
  TITLE ={Strona internetowa VirtualBox, pobieranie oprogramowania},
  URL = {https://www.virtualbox.org/},
  URLDATE = {2025-05-01}
  }
